@article{fonseca2020mapping,
  title={Mapping the sustainable development goals relationships},
  author={Fonseca, Luis Miguel and Domingues, Jos{\'e} Pedro and Dima, Alina Mihaela},
  journal={Sustainability},
  volume={12},
  number={8},
  pages={3359},
  year={2020},
  publisher={MDPI}
}

@article{hak2016sustainable,
  title={Sustainable Development Goals: A need for relevant indicators},
  author={H{\'a}k, Tom{\'a}{\v{s}} and Janou{\v{s}}kov{\'a}, Svatava and Moldan, Bed{\v{r}}ich},
  journal={Ecological indicators},
  volume={60},
  pages={565--573},
  year={2016},
  publisher={Elsevier}
}

@article{singh2018rapid,
  title={A rapid assessment of co-benefits and trade-offs among Sustainable Development Goals},
  author={Singh, Gerald G and Cisneros-Montemayor, Andr{\'e}s M and Swartz, Wilf and Cheung, William and Guy, J Adam and Kenny, Tiff-Annie and McOwen, Chris J and Asch, Rebecca and Geffert, Jan Laurens and Wabnitz, Colette CC and others},
  journal={Marine Policy},
  volume={93},
  pages={223--231},
  year={2018},
  publisher={Elsevier}
}

@article{shulla2021effects,
  title={Effects of COVID-19 on the sustainable development goals (SDGs)},
  author={Shulla, Kalterina and Voigt, Bernd-Friedrich and Cibian, Stefan and Scandone, Giuseppe and Martinez, Edna and Nelkovski, Filip and Salehi, Pourya},
  journal={Discover Sustainability},
  volume={2},
  pages={1--19},
  year={2021},
  publisher={Springer}
}

@article{allen2018initial,
  title={Initial progress in implementing the Sustainable Development Goals (SDGs): a review of evidence from countries},
  author={Allen, Cameron and Metternicht, Graciela and Wiedmann, Thomas},
  journal={Sustainability science},
  volume={13},
  pages={1453--1467},
  year={2018},
  publisher={Springer}
}

@article{pradhan2017systematic,
  title={A systematic study of sustainable development goal (SDG) interactions},
  author={Pradhan, Prajal and Costa, Lu{\'\i}s and Rybski, Diego and Lucht, Wolfgang and Kropp, J{\"u}rgen P},
  journal={Earth's Future},
  volume={5},
  number={11},
  pages={1169--1179},
  year={2017},
  publisher={Wiley Online Library}
}

@article{nilsson2016policy,
  title={Policy: map the interactions between Sustainable Development Goals},
  author={Nilsson, M{\aa}ns and Griggs, Dave and Visbeck, Martin},
  journal={Nature},
  volume={534},
  number={7607},
  pages={320--322},
  year={2016},
  publisher={Nature Publishing Group UK London}
}

@article{aguiar2015has,
  title={Has consumption inequality mirrored income inequality?},
  author={Aguiar, Mark and Bils, Mark},
  journal={American Economic Review},
  volume={105},
  number={9},
  pages={2725--2756},
  year={2015},
  publisher={American Economic Association}
}

@article{ivanova2016environmental,
  title={Environmental impact assessment of household consumption},
  author={Ivanova, Diana and Stadler, Konstantin and Steen-Olsen, Kjartan and Wood, Richard and Vita, Gibran and Tukker, Arnold and Hertwich, Edgar G},
  journal={Journal of Industrial Ecology},
  volume={20},
  number={3},
  pages={526--536},
  year={2016},
  publisher={Wiley Online Library}
}

@article{biggeri2019tracking,
  title={Tracking the SDGs in an ‘integrated’manner: A proposal for a new index to capture synergies and trade-offs between and within goals},
  author={Biggeri, Mario and Clark, David A and Ferrannini, Andrea and Mauro, Vincenzo},
  journal={World Development},
  volume={122},
  pages={628--647},
  year={2019},
  publisher={Elsevier}
}

@article{stiftung2018sustainable,
  title={Sustainable Development Solutions Network.(2018)},
  author={Stiftung, Bertelsmann},
  journal={SDG Index},
  year={2018}
}

@article{overlap2005,
  title={Project scheduling using dependency structure matrix},
  author={Maheswari, J Uma and Varghese, Koshy},
  journal={International Journal of Project Management},
  volume={23},
  number={3},
  pages={223--230},
  year={2005},
  publisher={Elsevier}
}

@article{overlap1997,
  title={Audit scheduling with overlapping activities and sequence-dependent setup costs},
  author={Dodin, Bajis and Elimam, AA},
  journal={European Journal of Operational Research},
  volume={97},
  number={1},
  pages={22--33},
  year={1997},
  publisher={Elsevier}
}

@book{beineke1997graph,
  title={Graph connections: relationships between graph theory and other areas of mathematics},
  author={Beineke, Lowell W and Wilson, Robin J},
  year={1997},
  publisher={Oxford University Press}
}

@article{torfi2010fuzzy,
  title={Fuzzy AHP to determine the relative weights of evaluation criteria and Fuzzy TOPSIS to rank the alternatives},
  author={Torfi, Fatemeh and Farahani, Reza Zanjirani and Rezapour, Shabnam},
  journal={Applied soft computing},
  volume={10},
  number={2},
  pages={520--528},
  year={2010},
  publisher={Elsevier}
}
@article{conway2010united,
  title={The United Nations Security Council and climate change: challenges and opportunities},
  author={Conway, Darragh},
  journal={Climate Law},
  volume={1},
  number={3},
  pages={375--407},
  year={2010},
  publisher={Brill Nijhoff}
}
@article{omgba25topic,
  title={Topic: The United Nations and the Management of Humanitarian Crisis Risks: An Analysis Based on the Contractualist Philosophies of Thomas Hobbes and John Locke},
  author={OMGBA, Emerant Yves},
  journal={Marmara {\"U}niversitesi Hukuk Fak{\"u}ltesi Hukuk Ara{\c{s}}t{\i}rmalar{\i} Dergisi},
  volume={25},
  number={2},
  pages={1138--1163}
}
@article{kumar2020united,
  title={The united nations and global environmental governance},
  author={Kumar, Rajeesh},
  journal={Strategic Analysis},
  volume={44},
  number={5},
  pages={479--489},
  year={2020},
  publisher={Taylor \& Francis}
}